@misc{AIMX,
    title = {Búsqueda de empleo por internet en México},
    author = {Asociación de internet MX},
    year = {2021},
    howpublished = {\url{www.asociaciondeinternet.mx/estudios/busqueda-de-empleo-por-internet}},
    urldate = {2022-03-04}
}
@misc{Universia,
    title = {¿Sabes qué es una bolsa de trabajo universitaria y cómo puede ayudarte a encontrar tu primer empleo?},
    author = {Universia},
    year = {2022},
    howpublished = {\url{hwww.universia.net/mx/actualidad/empleo/sabes-que-es-una-bolsa-de-trabajo-universitaria-y-como-puede-ayudarte-a-encontrar-tu-primer-empleo.html}},
    urldate = {2022-01-04}
}
@misc{Economista,
    title = {Panorama laboral para los universitarios},
    author = {El Economista},
    year = {2021},
    howpublished = {\url{www.eleconomista.com.mx/capitalhumano/Panorama-laboral-para-los-universitarios-se-complica-bajan-sueldos-y-vacantes-20210630-0113.html}},
    urldate = {2022-04-15}
}

@misc{Evo,
    title = {¿Cómo ha evolucionado la búsqueda de empleo?},
    author = {Novia Salcedo},
    year = {2019},
    howpublished = {\url{www.noviasalcedo.es/como-ha-evolucionado-la-busqueda-de-empleo/}},
    urldate = {2022-04-15}
}


@misc{UniJob,
    title = {Universia Jobs},
    author = {Universia},
    year = {2022},
    howpublished = {\url{jobs.universia.net/mx}},
    urldate = {2022-04-15}
}

@misc{Occ1,
    title = {Coaching profesionalBolsas de trabajo en línea: el medio más efectivo para buscar empleo y contratar candidatos},
    author = {Blog OCCMundial},
    year = {2020},
    howpublished = {\url{www.occ.com.mx/blog/bolsas-de-trabajo-en-linea/}},
    urldate = {2022-04-15}
}

@misc{Occ2,
    title = {5 ventajas de publicar tus vacantes en una bolsa de trabajo universitaria},
    author = {Blog OCCMundial},
    year = {2020},
    howpublished = {\url{www.occ.com.mx/blog/bolsa-de-trabajo-universitaria-vacantes/}},
    urldate = {2022-04-15}
}


@ELECTRONIC{Occ,
  author = {{La Occ Mundial}},
  year = {2022},
  title = {\texttt{www.occ.com.mx}}
}

@ELECTRONIC{Inned,
  author = {{Universidad de Marte}},
  year = {2022},
  title = {\texttt{www.marte.mar}}
}

@ELECTRONIC{Siboltra,
  author = {{Siboltra}},
  year = {2022},
  title = {\texttt{www.marte.mar}}
}

@ELECTRONIC{CT,
  author = {{CompuTrabajo}},
  year = {2022},
  title = {\texttt{www.marte.mar}}
}

@misc{mc1,
    title = {Cómo TikTok recomienda videos #ParaTi?},
    author = {TikTok},
    year = {202},
    howpublished = {\url{https://newsroom.tiktok.com/es-latam/como-tiktok-recomienda-videos-foryou}},
    urldate = {2021-05-12}
}

@misc{mc2,
   title = {Sistemas de Recomendación},
    author = {aniela Rodríguez Galindo},
    year = {2021},
    howpublished = {\url{https://www.ciiia.mx/noticiasciiia/sistemas-de-recomendacin}},
    urldate = {2021-03-30}
}


@misc{mc3,
   title = {Empirical Analysis of Predictive Algorithms for Collaborative
Filtering},
    author = {John S. Breese, David Heckerman, Carl Kadie},
    year = { },
    howpublished = {\url{https://arxiv.org/ftp/arxiv/papers/1301/1301.7363.pdf}},
    urldate = { }
}


@misc{mc4,
 title = {The Adaptive Web: Methods and Strategies of Web Personalization},
    author = {Alfred Kobsa, Peter Brusilovsky, Eva Millán},
    year = {2007},
    howpublished = {\url{https://pdfroom.com/books/the-adaptive-web-methods-and-strategies-of-web-personalization/9ZdYJWe8gV4}},
    urldate = {2020-04-14}
}

@misc{mc5,
   title = {Recommender Systems Handbook},
    author = {Francesco Ricci,  Lior Rokach, Bracha Shapira },
    year = {2011},
    howpublished = {\url{https://www.cse.iitk.ac.in/users/nsrivast/HCC/Recommender_systems_handbook.pdf}},
    urldate = { }
}


@misc{mc6,
 title = {Sistemas de recomendación | Qué son, tipos y ejemplos},
    author = {GraphEverywhere},
    year = {No mencionada},
    howpublished = {\url{https://www.grapheverywhere.com/sistemas-de-recomendacion-que-son-tipos-y-ejemplos/}},
    urldate = {No mencionada}
}

